@article{Schuld_2021_kernels,
  author        = {Maria Schuld},
  title         = {Supervised quantum machine learning models are kernel methods},
  year          = {2021},
  month         = jan,
  archiveprefix = {arXiv},
  eprint        = {2101.11020},
  file          = {:http\://arxiv.org/pdf/2101.11020v2:PDF;:Articles/2101.11020.pdf:PDF},
  keywords      = {quant-ph, stat.ML, qml},
  primaryclass  = {quant-ph}
}
